@IEEEtranBSTCTL{IEEEexample:BSTcontrol,
  CTLdash_repeated_names = "no"
}

%% ------------ KYPO ----------------
%ok
@MastersThesis{inbook-full,
AUTHOR 		= "Kňazský, Michal",
TITLE 		= "Časový portlet pro kybernetický polygon",
YEAR 		= "2015",
TYPE		= "Master thesis", 
SCHOOL 		= "Masaryk University, Faculty of Informatics",
SUPERVISOR 	= "Radek Ošlejšek", 
URLDATE		= {2015-03-04},
URL 		= "http://is.muni.cz/th/256503/fi_m/"
}

%ok
@MastersThesis{dp-neudert,
AUTHOR 		= "Neudert, Lukáš",
TITLE 		= "Bezpečnostní hry",
YEAR 		= "2014",
TYPE 		= "Master thesis", 
SCHOOL 		= "Masaryk University, Faculty of Informatics",
SUPERVISOR 	= "Jan Vykopal", 
URLDATE		= {2015-03-04},
URL 		= "http://is.muni.cz/th/359981/fi_m/",
}

%ok
@MastersThesis{dp-2d-chat,
AUTHOR 		= "Brauner, Adam",
TITLE 		= "Portlety pro 2{D} vizualizace časových řad",
YEAR 		= "2014",
TYPE 		= "Master thesis", 
SCHOOL 		= "Masaryk University, Faculty of Informatics",
SUPERVISOR 	= "Radek Ošlejšek", 
URLDATE		= {2015-03-04},
URL 		= "http://is.muni.cz/th/395736/fi_m/",
}

%ok
@MastersThesis{dp-network-topology,
AUTHOR 		= "Lučanský, Andrej",
TITLE 		= "Portlet pro interaktivní vizualizaci síťové topologie",
YEAR 		= "2014",
TYPE 		= "Master thesis", 
SCHOOL		= "Masaryk University, Faculty of Informatics",
SUPERVISOR 	= "Radek Ošlejšek", 
URLDATE		= {2015-03-04},
URL 		= "http://is.muni.cz/th/325208/fi_m/",
}

%ok
@MastersThesis{dp-3d-chart,
AUTHOR 		= "Jelínek, Petr",
TITLE 		= "Portlet pro 3{D} vizualizaci časových řad",
YEAR 		= "2014",
TYPE 		= "Master thesis", 
SCHOOL 		= "Masaryk University, Faculty of Informatics",
SUPERVISOR 	= "Radek Ošlejšek", 
URLDATE		= {2015-03-04},
URL 		= "http://is.muni.cz/th/395724/fi_m/",
}

%ok
@report{cybersec-law,
AUTHOR 		= {{National Security Authority}},
TITLE 		= "Věcný záměr zákona o kybernetické bezpečnosti",
YEAR 		= "2012",
URLDATE		= {2015-03-03},
URL 		= "http://www.govcert.cz/download/nodeid-1044/",
}

%%ok
@ONLINE{kypo-web,
AUTHOR 		= {{Masaryk University, Institute of Computer Science}},
TITLE 		= {{KYPO} {P}roject},
SUBTITLE	= {{C}ybernetic {P}roving {G}round},
YEAR 		= {2014},
URLDATE		= {2015-03-21},
URL			= {http://www.muni.cz/ics/research/projects/23884/web/}
}

%ok
@report{kypo-demo-paper,
 author 	= {Jirsík, Tomáš AND Husák, Martin AND Čeleda, Pavel AND Eichler, Zdenek},
 title 		= {Cloud-based {S}ecurity {R}esearch {T}estbed: A {D}{D}o{S} {U}se {C}ase},
 publisher 	= {Masaryk University, Faculty of Informatics},
 year 		= {2014},
 address 	= {Brno}
}

%citing multiple authors
%%  AND Jan Vykopal AND Martin Drašar AND Martin Vizváry AND Jakub Čegan AND Michal Procházka AND Tomáš Rebok AND Radek Ošlejšek AND Zdenek Eichler AND Dalibor Toth},
%% ok
@report{analyza-a-navhr-architektury,
 author 	= {Pavel Čeleda AND Petr Velan AND Tomáš Jirsík AND others},
 title 		= {Analýza a návrh architektury},
 publisher 	= {Masaryk University, Faculty of Informatics},
 year 		= {2013},
 address 	= {Brno}
 }

%ok
@report{vizsec,
 author 	= {Eichler, Zdenek AND Ošlejšek, Radek AND Toth, Dalibor},
 title 		= {{A}nalytical and {V}isualization {T}ool for {C}ybernetic {P}roving {G}round},
 publisher 	= {Masaryk University, Faculty of Informatics},
 year 		= {2014},
 address 	= {Brno}
}

%ok
@report{ctf-paper,
 author 	= {Radcliffe, Jerome},
 title 		= {Capture the flag for education and mentoring},
 subtitle	= {A case study on the use of competitive games in computer security training},
 publisher 	= {SANS Institute},
 year 		= {2007},
 address 	= {London}
}



%% ------------ liferay ----------------
%ok
@Book{liferay-administrator-guide,
 author 	= {Sezov, Richard},
 title 		= {Portal administrator's guide},
 publisher 	= {Liferay Inc},
 year 		= {2009},
 address 	= {London},
 isbn 		= {978-0-578-02729-6}
}

%ok
@Book{liferay-in-action,
 author 	= {Sezov, Rich},
 title 		= {Liferay in action the official guide to {L}iferay {P}ortal development},
 publisher 	= {Manning},
 year 		= {2012},
 address 	= {Shelter Island, NY},
 isbn 		= {978-1-935-18282-5}
 }
 
%ok
@online{portal-vs-portlet, 
AUTHOR 		= {{Novell, Inc}},
TITLE 		= {{A}bout Portlets},
SUBTITLE	= {How portlets are rendered}, 
YEAR 		= {2015},
URLDATE		= {2015-05-09},
URL 		= "https://www.novell.com/documentation/extend52/Docs/help/Director/books/pgPortletsAbout.html"
}
 
%% ------------ bootstrap ----------------
%ok
@ONLINE{responsive-web-design,
AUTHOR 		= {Max Alibaev},
TITLE 		= {Responsive {W}eb design},
YEAR 		= {2004},
URLDATE		= {2015-05-08},
URL 		= "https://developer.mozilla.org/en-US/docs/Web_Development/Responsive_Web_design"}

%ok
@Book{twitter-bootstrap,
 author 	= {Cochran, David},
 title 		= {{T}witter {B}ootstrap web development how-to a hands-on introduction to building websites with {T}witter {B}ootstrap's powerful front-end development framework},
 publisher 	= {Packt Pub},
 year 		= {2012},
 address 	= {Birminghan, UK},
 isbn 		= {978-1-84951-882-6}
 }

%ok
@Book{bootstrap-oreilly,
 author 	= {Spurlock, Jake},
 title 		= {Bootstrap},
 publisher 	= {O'Reilly Media},
 year 		= {2013},
 address 	= {S.l},
 isbn 		= {978-1-449-34391-0}
 }

%ok
@ONLINE{bootstrap-migration,
AUTHOR 		= {Mark Otto AND Jacob Thornton},
TITLE 		= {Migrating to v3.x},
SUBTITLE	= {Migrating from 2.x to 3.0},
YEAR 		= {2014},
URLDATE		= {2015-03-21},
URL = "http://getbootstrap.com/migration/"}

%% ------------ angular ----------------
%ok
@Book{angular-oreilly,
 author = {Green, Brad},
 title = {{AngularJS}},
 publisher = {O'Reilly Media},
 year = {2013},
 address = {Sebastopol, CA},
 isbn = {978-1-449-34485-6}
 }

%ok
@Book{ngBook,
 author = {Lerner, Ari},
 title = {Ng-book : the complete book on {AngularJS}},
 publisher = {Fullstack.io},
 year = {2013},
 address = {United States},
 isbn = {978-0-9913446-0-4}
 }
 
 %ok
@ONLINE{spa,
AUTHOR 		= {Mikito Takada},
TITLE 		= {Single page apps in depth},
SUBTITLE	= {Mixu's single page app book},
YEAR 		= {2013},
URLDATE		= {2015-04-25},
URL= "http://singlepageappbook.com"}

%ok
@ONLINE{angular-module,
AUTHOR 		= {{Google, Inc.}},
TITLE 		= {What is a {M}odule?},
YEAR 		= {2015},
URLDATE		= {2015-04-25},
URL ="https://docs.angularjs.org/guide/module"
}

%ok
@online{angular-mvc,
AUTHOR 		= {Hafiz Faraz},
TITLE 		= {What Is {MVC} Architecture In {AngularJS}?},
YEAR 		= {2014},
URLDATE		= {2015-05-09},
URL 		= "http://blog.hfarazm.com/angularjs-mvc-architecture/"
}

%% ----------- hibernate --------------
% ok
@ONLINE{hibernate-support,
AUTHOR 		= {Anthony Patricio AND Robert Buck},
TITLE 		= {Supported Databases2},
YEAR 		= {2013},
URLDATE		= {2015-04-21},
URL			= "https://developer.jboss.org/wiki/SupportedDatabases2"}

%FIX ok
@ONLINE{hibernate-pojo,
AUTHOR 		= {Gavin King AND Christian Bauer AND Max Rydahl Andersen, AND others},
TITLE		= {{H}ibernate Reference Documentation},
SUBTITLE	= {{P}ersistent {C}lasses},
YEAR		= {2009},
URLDATE		= {2015-04-22},
URL = "https://docs.jboss.org/hibernate/orm/3.3/reference/en/html/persistent-classes.html"}

%FIX ------------- AUTHOR ???????
@ONLINE{hibernate-annotations,
AUTHOR 		= {Tutorialspoint},
TITLE 		= {Hibernate - {A}nnotations},
YEAR 		= {2014},
URLDATE		= {2015-04-21},
URL = "http://www.tutorialspoint.com/hibernate/hibernate_annotations.htm"
}

%% ------------ implementation ---------
%ok
@ONLINE{web-storage,
AUTHOR 		= {Ian Hickson},
PUBLISHER	= {Google, Inc.},
TITLE 		= {{W}eb {S}torage},
SUBTITLE	= {W3C Editor's Draft},
YEAR 		= {2014},
URLDATE		= {2015-04-25},
URL = {http://dev.w3.org/html5/webstorage/}
}

%ok
@ONLINE{ng-storage,
AUTHOR 		= {G. Kay Lee},
TITLE 		= {{n}g{S}torage},
YEAR 		= {2014},
URLDATE		= {2015-04-25},
URL = "https://github.com/gsklee/ngStorage"}

%ok
@report{json-value,
AUTHOR 		= {{ECMA International}},
PUBLISHER	= {ECMA International},
TITLE 		= {{T}he {JSON} {D}ata {I}nterchange {F}ormat},
SUBTITLE	= {Standard ECMA-404},
YEAR 		= {2013},
URLDATE		= {2015-04-25},
URL = "http://www.ecma-international.org/publications/files/ECMA-ST/ECMA-404.pdf"}

%ok
@ONLINE{customjs-promise,
AUTHOR 		= {Kris Kowal},
TITLE 		= {Promises},
SUBTITLE	= {STATUS: PROPOSAL, DISCUSSION},
YEAR 		= {2014},
URLDATE		= {2015-04-25},
URL = "http://wiki.commonjs.org/wiki/Promises"}

%ok
@ONLINE{angular-q,
AUTHOR 		= {{Google, Inc.}},
TITLE		= {{\$q}},
SUBTITLE	= {service in module ng},
YEAR 		= {2014},
URLDATE		= {2015-04-25},
URL = "https://docs.angularjs.org/api/ng/service/$q"}

%ok
@ONLINE{portlet-specs,
AUTHOR 		= {Deepak Gothe},
TITLE 		= {Understanding the {J}ava {P}ortlet Specification 2.0 ({JSR} 286)},
SUBTITLE	= {{P}art 2, Serving Resources and Other New Features},
YEAR 		= {2010},
URLDATE		= {2015-04-25},
URL = "http://www.oracle.com/technetwork/java/jsr286-2-141964.html"}
