@IEEEtranBSTCTL{IEEEexample:BSTcontrol,
  CTLdash_repeated_names = "no"
}

%% ------------ ROSLYN ----------------
@MastersThesis{inbook-full,
AUTHOR 	= "Kňazský, Michal",
TITLE 		= "Časový portlet pro kybernetický polygon",
YEAR 		= "2015",
TYPE		= "Master thesis", 
SCHOOL 	= "Masaryk University, Faculty of Informatics",
SUPERVISOR	= "Radek Ošlejšek", 
URLDATE	= {2015-03-04},
URL 		= "http://is.muni.cz/th/256503/fi_m/"
}
